@article{SIAM:BCHK07,
  author       = {Dan Boneh and
                  Ran Canetti and
                  Shai Halevi and
                  Jonathan Katz},
  title        = {Chosen-Ciphertext Security from Identity-Based Encryption},
  journal      = {{SIAM} J. Comput.},
  volume       = {36},
  number       = {5},
  pages        = {1301--1328},
  year         = {2007}
}